@Book{kopka04,
  author    = {Kopka, Helmut and Daly, Patrick W.},
  title     = {Guide to \LaTeX},
  publisher = {Addison-Wesley},
  year      = {2004},
  edition   = {4},
}

@Book{goossens04,
  author =    {Mittelbach, Frank and Goossens, Michel},
  title =     {The \LaTeX{} Companion},
  publisher = {Addison-Wesley},
  year =      {2004},
  edition =   {2},
}

@Book{davies,
  author =    {Birrell, Davies},
  title =     {Quantum fields in curved space},
  publisher = {Camebridge University Press},
  year =      {1982},
}

@inproceedings{krishnan1011.5875,
      author         = "Krishnan, Chethan",
      title          = "{Quantum Field Theory, Black Holes and Holography}",
      booktitle      = "{Croatian Black Hole School Trpanj, Peljesac, Croatia,
                        June 21-25, 2010}",
      url            = "https://inspirehep.net/record/879076/files/arXiv:1011.5875.pdf",
      year           = "2010",
      eprint         = "1011.5875",
      archivePrefix  = "arXiv",
      primaryClass   = "hep-th",
      SLACcitation   = "%%CITATION = ARXIV:1011.5875;%%"
}

@article{Townsend,
      author         = "Townsend, P. K.",
      title          = "{Black holes: Lecture notes}",
      year           = "1997",
      eprint         = "gr-qc/9707012",
      archivePrefix  = "arXiv",
      primaryClass   = "gr-qc",
      SLACcitation   = "%%CITATION = GR-QC/9707012;%%"
}

@misc{bessels,
  author        = {Hitoshi Murayama},
  title         = {221B Lecture Notes, Notes on Spherical Bessel Functions},
  year          = {2001},
  publisher={University of California, Berkeley}
}

@article{tolman,
  title = {Temperature Equilibrium in a Static Gravitational Field},
  author = {Tolman, Richard C. and Ehrenfest, Paul},
  journal = {Phys. Rev.},
  volume = {36},
  issue = {12},
  pages = {1791--1798},
  numpages = {0},
  year = {1930},
  month = {Dec},
  publisher = {American Physical Society},
  doi = {10.1103/PhysRev.36.1791},
  url = {https://link.aps.org/doi/10.1103/PhysRev.36.1791}
}


@article{hawking,
author="Hawking, S. W.",
title="Particle creation by black holes",
journal="Communications in Mathematical Physics",
year="1975",
month="Aug",
day="01",
volume="43",
number="3",
pages="199--220",
issn="1432-0916",
doi="10.1007/BF02345020",
url="https://doi.org/10.1007/BF02345020"
}

@misc{weinstein,
  author        = {Gilbert Weinstein},
  title         = {General Relativity: The geodesics of the Schwarzschild metric},
  year          = {2017},
  publisher={Ariel University}
}

@article{carroll,
      author         = "Carroll, Sean M.",
      title          = "{Lecture notes on general relativity}",
      year           = "1997",
      eprint         = "gr-qc/9712019",
      archivePrefix  = "arXiv",
      primaryClass   = "gr-qc",
      reportNumber   = "NSF-ITP-97-147",
      SLACcitation   = "%%CITATION = GR-QC/9712019;%%"
}

@misc{ron,
  author        = {Amos Ron},
  title         = {Introduction to numerical analysis, Lecture 18: Numerical Integration},
  year          = {2010},
  publisher={University of Wisconsin}
}

@phdthesis{deeg,
      author         = "Deeg, Dorothea",
      title          = "{Quantum Aspects of Black Holes}",
      school         = "Munich U.",
      year           = "2006",
      url            = "https://edoc.ub.uni-muenchen.de/6024/",
      SLACcitation   = "%%CITATION = INSPIRE-1420606;%%"
}

@article{smerlak,
      author         = "Smerlak, Matteo and Singh, Suprit",
      title          = "{New perspectives on Hawking radiation}",
      journal        = "Phys. Rev.",
      volume         = "D88",
      year           = "2013",
      number         = "10",
      pages          = "104023",
      doi            = "10.1103/PhysRevD.88.104023",
      eprint         = "1304.2858",
      archivePrefix  = "arXiv",
      primaryClass   = "gr-qc",
      reportNumber   = "AEI-2013-169",
      SLACcitation   = "%%CITATION = ARXIV:1304.2858;%%"
}

@article{Hodgkinson,
      author         = "Hodgkinson, Lee and Louko, Jorma and Ottewill, Adrian C.",
      title          = "{Static detectors and circular-geodesic detectors on the
                        Schwarzschild black hole}",
      journal        = "Phys. Rev.",
      volume         = "D89",
      year           = "2014",
      number         = "10",
      pages          = "104002",
      doi            = "10.1103/PhysRevD.89.104002",
      eprint         = "1401.2667",
      archivePrefix  = "arXiv",
      primaryClass   = "gr-qc",
      SLACcitation   = "%%CITATION = ARXIV:1401.2667;%%"
}